% This file was created with JabRef 2.10.
% Encoding: ISO8859_1

@Book{Barenblatt03,
  Title                    = {Scaling},
  Author                   = {Barenblatt, G. I.},
  Publisher                = {Cambridge University Press},
  Year                     = {2003},

  File                     = {Barenblatt03.djvu:livros/Barenblatt03.djvu:Djvu},
  Owner                    = {pjabardo},
  Timestamp                = {2012.03.31}
}

@Book{Bridgman22,
  Title          = {Dimensional Analysis},
  Author         = {Bridgman, P. Q.},
  Publisher      = {Yale University Press},
  Year           = {1922}
}


@Book{Birkhoff60,
  title     = {Hydrodynamics, a study in logic, fact and similitude},
  publisher = {Princeton University Press},
  year      = {1960},
  author    = {Birkhoff, Garrett},
  edition   = {Revised},
  file      = {Birkhoff60.pdf:livros/Birkhoff60.pdf:PDF},
  owner     = {pjabardo},
  timestamp = {2016.07.18},
}
@Book{Feynman14,
  Title                    = {QED: The Strange Theory of Light and Matter},
  Author                   = {Feynman, Richard P.},
  Publisher                = {Princeton University Press},
  Year                     = {2014},
  Series                   = {Princeton Science Library},

  Owner                    = {pjabardo},
  Timestamp                = {2015.03.05}
}
 

@Book{Schroeder91,
  Title                    = {Fractals, chaos, power laws: minutes from an infinite paradise},
  Author                   = {Schroeder, M.},
  Publisher                = {W H Freeman and Company},
  Year                     = {1991},

  File                     = {Schroeder91.djvu:livros/Schroeder91.djvu:Djvu},
  Owner                    = {pjabardo},
  Timestamp                = {2013.12.08}
}

@Book{Sedov59,
  Title                    = {Similarity and dimensional methods in mechanics},
  Author                   = {Sedov, L. I.},
  Publisher                = {Mir},
  Year                     = {1959},

  File                     = {Sedov93.djvu:livros/Sedov93.djvu:Djvu},
  Owner                    = {pjabardo},
  Timestamp                = {2013.12.07}
}
@Book{Tritton88,
  Title                    = {Physical fluid dynamics},
  Author                   = {Tritton, D. J.},
  Publisher                = {Oxford Science Publications},
  Year                     = {1988},

  File                     = {Tritton88.djvu:livros/Tritton88.djvu:Djvu},
  Owner                    = {pjabardo},
  Timestamp                = {2011.11.20}
}